@article{al2010image,
  title={Image segmentation by using edge detection},
  author={Al-Amri, Salem Saleh and Kalyankar, NV and Khamitkar, SD},
  journal={International Journal on Computer Science and Engineering},
  volume={2},
  number={3},
  pages={804--807},
  year={2010},
  publisher={Citeseer}
}
@article{b1,
  author = {G. Eason and B. Noble and I. N. Sneddon},
  title = {On certain integrals of Lipschitz-Hankel type involving products of Bessel functions},
  journal = {Phil. Trans. Roy. Soc. London},
  volume = {A247},
  pages = {529--551},
  month = {April},
  year = {1955}
}

@book{b2,
  author = {J. Clerk Maxwell},
  title = {A Treatise on Electricity and Magnetism},
  edition = {3rd},
  volume = {2},
  publisher = {Oxford: Clarendon},
  year = {1892},
  pages = {68--73}
}

@incollection{b3,
  author = {I. S. Jacobs and C. P. Bean},
  title = {Fine particles, thin films and exchange anisotropy},
  booktitle = {Magnetism},
  editor = {G. T. Rado and H. Suhl},
  volume = {III},
  publisher = {New York: Academic},
  year = {1963},
  pages = {271--350}
}

@unpublished{b4,
  author = {K. Elissa},
  title = {Title of paper if known},
}

@article{b5,
  author = {R. Nicole},
  title = {Title of paper with only first word capitalized},
  journal = {J. Name Stand. Abbrev.},
  note = {in press}
}

@article{b6,
  author = {Y. Yorozu and M. Hirano and K. Oka and Y. Tagawa},
  title = {Electron spectroscopy studies on magneto-optical media and plastic substrate interface},
  journal = {IEEE Transl. J. Magn. Japan},
  volume = {2},
  pages = {740--741},
  month = {August},
  year = {1987},
  note = {[Digests 9th Annual Conf. Magnetics Japan, p. 301, 1982]}
}

@book{b7,
  author = {M. Young},
  title = {The Technical Writer's Handbook},
  publisher = {Mill Valley, CA: University Science},
  year = {1989}
}
